<record><leader>00000cas a22000007a 4500</leader><controlfield tag="001">9382205</controlfield><controlfield tag="008">830406d19091969mtudn ne      0    0eng d</controlfield><datafield ind1=" " ind2=" " tag="010"><subfield code="a">sn 83025311 </subfield></datafield><datafield ind1=" " ind2=" " tag="040"><subfield code="a">NPV</subfield><subfield code="b">eng</subfield><subfield code="c">NPV</subfield><subfield code="d">MTL</subfield><subfield code="d">DLC</subfield><subfield code="d">OCL</subfield><subfield code="d">DLC</subfield></datafield><datafield ind1=" " ind2=" " tag="042"><subfield code="a">msc</subfield></datafield><datafield ind1="0" ind2=" " tag="130"><subfield code="a">Great Falls leader (Great Falls, Mont. : 1909)</subfield></datafield><datafield ind1="0" ind2="4" tag="245"><subfield code="a">The Great Falls leader.</subfield></datafield><datafield ind1="1" ind2="7" tag="246"><subfield code="a">Great Falls daily leader</subfield></datafield><datafield ind1=" " ind2=" " tag="260"><subfield code="a">Great Falls, Mont. :</subfield><subfield code="b">Leader Co.,</subfield><subfield code="c">1909-</subfield></datafield><datafield ind1=" " ind2=" " tag="300"><subfield code="a">v. :</subfield><subfield code="b">ill. ;</subfield><subfield code="c">58 cm.</subfield></datafield><datafield ind1=" " ind2=" " tag="310"><subfield code="a">Daily (except Sun.)</subfield></datafield><datafield ind1="0" ind2=" " tag="362"><subfield code="a">Vol. 21, no. 227 (Mar. 17, 1909)-</subfield></datafield><datafield ind1="1" ind2=" " tag="362"><subfield code="a">Ceased Sept. 30, 1969.</subfield></datafield><datafield ind1=" " ind2=" " tag="752"><subfield code="a">United States</subfield><subfield code="b">Montana</subfield><subfield code="c">Cascade</subfield><subfield code="d">Great Falls.</subfield></datafield><datafield ind1="0" ind2="0" tag="780"><subfield code="t">Great Falls evening leader</subfield><subfield code="w">(DLC)sn 86075266</subfield></datafield><datafield ind1="0" ind2="4" tag="785"><subfield code="t">Great Falls tribune (Great Falls, Mont. : 1921)</subfield><subfield code="x">2378-850X</subfield><subfield code="w">(DLC)sn 83045217</subfield><subfield code="w">(OCoLC)9374534</subfield></datafield></record>